@book{OECD2022,
  title={Global plastics outlook: policy scenarios to 2060},
  author={Organisation for Economic Co-operation and Development},
  year={2022},
  publisher={OECD Publishing}
}